% Encoding: windows-1252

@Article{Alfadhlani2011,
  Title                    = {Automatic collision detection for assembly sequence planning using a three-dimensional solid model},
  Author                   = {Alfadhlani and T. M. A. Ari Samadhi and Anas Ma'ruf and Isa Setiasyah Toha},
  Journal                  = {Journal of Advanced Manufacturing Systems},
  Year                     = {2011},
  Number                   = {02},
  Pages                    = {277-291},
  Volume                   = {10},

  Abstract                 = {Assembly sequence planning of a product involves several steps, including generation of precedence constraints, generation of assembly sequences, and selection of assembly sequences. Generation and selection of assembly sequences should be able to guarantee the feasibility of assembly. Assembly will be feasible if there is no collision between components when assembled. Detection of collision-free path of assembly can be done in an automated way. There are a number of collision detection methods that have been developed, but the method requires a complicated process of data geometry analysis. This paper proposes a method for detecting a collision-free path of the assembly component in a more simple way. Geometrical data required, taken from the three-dimensional (3D) solid drawing in the form of stacked drawing in computer-aided design (CAD) systems. Retrieval of geometrical data of components and detection of the collision-free path of an assembly were done in an automated way, directly from the CAD system.},
  Doi                      = {10.1142/S021968671100220X},
  Owner                    = {Hassan},
  Timestamp                = {2014.03.12}
}

@Article{joskowicz2008reglas,
  author  = {Joskowicz, Jos{\'e}},
  title   = {Reglas y pr{\'a}cticas en eXtreme Programming},
  journal = {Universidad de Vigo},
  year    = {2008},
  volume  = {22},
}

@Article{Mathew2010a,
  Title                    = {A CAD system for extraction of mating features in an assembly},
  Author                   = {Mathew, Arun Tom and Rao, C.S.P.},
  Journal                  = {Assembly Automation},
  Year                     = {2010},
  Number                   = {2},
  Pages                    = {142--146},
  Volume                   = {30},

  Abstract                 = {Purpose – The information and knowledge about a product and its assembly are necessary to generate all feasible assembly sequences of that product. Assemblies contain a very large amount of information and complex relationships. Identifying assembled parts as well as their contact surfaces is very important in design and manufacturing since this information is essential. The problem is to not only make the information available but also use the relevant information for making decisions, especially determination of the optimum assembly sequence. This paper aims to address these issues. Design/methodology/approach – This paper describes a system for processing assembly models and extracting assembly related data using application programming interface (API) of the computer-aided design (CAD) software. These data are used to identify the relationships between different components of an assembly thus encouraging generation of feasible assembly sequences. Findings – Instead of total human interpretation of the assembly design, a direct CAD database interface approach has been proposed to extract the relation with minimal manual involvement. The information extracted is used to generate a list describing the links between the assembled parts, the involved features and the type of link explicitly to facilitate assembly analysis and planning. Originality/value – The methodology of using the API of the CAD modeling package SolidWorks, is a novel approach in which the assembly mate information is captured. Instead of total human interpretation of the assembly design, a direct CAD database interface approach has been proposed to extract the relation with minimal manual involvement.},
  Publisher                = {Emerald Group Publishing Limited}
}

@Article{Ou2013,
  Title                    = {Relationship matrix based automatic assembly sequence generation from a CAD model},
  Author                   = {Li-Ming Ou and Xun Xu},
  Journal                  = {Computer-Aided Design},
  Year                     = {2013},
  Number                   = {7},
  Pages                    = {1053 - 1067},
  Volume                   = {45},

  Doi                      = {http://dx.doi.org/10.1016/j.cad.2013.04.002},
  File                     = {Ou2013.pdf:.\\Doc\\Ou2013.pdf:PDF;Ou2013.pdf:Doc\\Ou2013.pdf:PDF},
  ISSN                     = {0010-4485},
  Keywords                 = {Assembly sequence generation},
  Owner                    = {Hassan},
  Timestamp                = {2014.03.12}
}

@Article{escribano2002introduccion,
  author  = {Escribano, Gerardo Fern{\'a}ndez},
  title   = {Introducci{\'o}n a Extreme Programming},
  journal = {Introducci{\'o}n a Extreme Programming},
  year    = {2002},
}

@Book{gilfillan_biblia_2003,
  title     = {La {Biblia} de {MySQL}},
  publisher = {Anaya Multimedia, S.A.},
  year      = {2003},
  author    = {Gilfillan, I.},
  series    = {La {Biblia} de {Series}},
  isbn      = {978-84-415-1558-1},
  url       = {https://books.google.de/books?id=R3T1ngEACAAJ},
}

@Misc{daniel_pecos_martinez_postgresql_2024,
  author   = {{Daniel Pecos Martínez}},
  title    = {{PostGreSQL} vs. {MySQL}},
  year     = {2024},
  abstract = {I write about technology, software, radio and some other interests, like Linux, Dungeons and Dragons or electronics.},
  file     = {PostGreSQL vs. MySQL:C\:\\Users\\carlosbrc\\Zotero\\storage\\GFAWYGH4\\postgresql-vs-mysql.html:text/html},
  url      = {https://danielpecos.com/documents/postgresql-vs-mysql/#AEN11},
  urldate  = {2024-02-18},
}

@Book{gamma1994design,
  author    = {Gamma, E. and Helm, R. and Johnson, R. and Vlissides, J.},
  publisher = {Addison-Wesley},
  title     = {Design Patterns: Elements of Reusable Object-oriented Software},
  year      = {1994},
  isbn      = {9788131736388},
  series    = {Addison-Wesley professional computing series},
  lccn      = {94034264},
  url       = {https://books.google.com.cu/books?id=vqp2AQAACAAJ},
}

@Online{Silva2019,
  author     = {Silva, Johannerys},
  shorttitle = {{PATRONES} Y {BUENAS} {PRACTICAS}},
  title      = {{PATRONES} Y {BUENAS} {PRACTICAS}: Patrones {GoF}},
  titleaddon = {{PATRONES} Y {BUENAS} {PRACTICAS}},
  url        = {https://patronesybuenaspracticas.blogspot.com/2019/12/patrones-gof_8.html},
  urldate    = {2024-03-11},
  year       = {2019},
}

@Online{CodeScouts2022,
  abstract = {Hoy en día se habla mucho de los principios {SOLID}, pero unos cuantos años antes, Craig Larman introdujo unos patrones muy interesantes, veamoslos!},
  author   = {{CodeScouts}},
  langid   = {spanish},
  month    = jul,
  note     = {Section: blog},
  title    = {Patrones {GRASP}, el viejo {SOLID}},
  url      = {https://www.codescouts.academy/blog/grasp/},
  urldate  = {2024-03-11},
  year     = {2022},
}

@Online{rafaelD2021,
  abstract   = {El patrón de arquitectura {MVC} convierte el desarrollo de aplicaciones complejas en un proceso mucho más manejable. Permite a varios desarrolladores trabajar simultáneamente en la aplicación. Cuando me entere por primera vez de los patrones de {MVC}, me intimidó toda la terminología. Y más aún cuando empece a aplicar estos},
  author     = {{Rafael D. Hernandez}},
  langid     = {spanish},
  month      = jun,
  shorttitle = {El patrón modelo-vista-controlador},
  title      = {El patrón modelo-vista-controlador: Arquitectura y frameworks explicados},
  titleaddon = {{freeCodeCamp}.org},
  url        = {https://www.freecodecamp.org/espanol/news/el-modelo-de-arquitectura-view-controller-pattern/},
  urldate    = {2024-03-11},
  year       = {2021},
}

@Online{Sarmiento2019,
  abstract   = {¿Qué es el {MVT}? Modelo - Vista - Template Vista Componentes Modelo: la capa de acceso a la base de datos. Esta capa contiene toda la información sobre los datos: cómo acceder a estos, cómo validarlos, cuál es el comportamiento que tiene, y las relaciones entre los datos. La capa},
  author     = {Sarmiento, Romario},
  langid     = {english},
  month      = jun,
  title      = {Modelo - Vista - Template},
  titleaddon = {prezi.com},
  url        = {https://prezi.com/nd9ydrb01kqv/modelo-vista-template/},
  urldate    = {2024-03-11},
  year       = {2019},
}

@Misc{conabi,
  title    = {{CONABI}},
  abstract = {Nuestro Bufete de Abogados presta servicios legales con alto nivel de especialización en varias ramas del Derecho a personas naturales y jurídicas extranjeras},
  file     = {Snapshot:C\:\\Users\\MadCat\\Zotero\\storage\\Q9L8SZD8\\conabi.cu.html:text/html},
  journal  = {Inicio},
  language = {es},
  url      = {https://conabi.cu},
  urldate  = {2024-09-18},
}

@Misc{noauthor_claim_nodate,
  title    = {{CLAIM} {S}.{A}},
  abstract = {CLAIM is a specialized consultancy in Intellectual Property whose aim is the representation and advice to third parties on...},
  file     = {Snapshot:C\:\\Users\\MadCat\\Zotero\\storage\\R3DKF85R\\claim-s-a.html:text/html},
  journal  = {Patent Lawyer Magazine},
  language = {en-GB},
  url      = {https://patentlawyermagazine.com/company-directory/cuba-north-america/claim-s-a/},
  urldate  = {2024-09-18},
}

@Misc{noauthor_clio_nodate,
  title   = {Clio {\textbar} {The} {Industry}'s \#1 {Legal} {Software} {\textbar} {Try} it for free!},
  file    = {Clio | The Industry's #1 Legal Software | Try it for free!:C\:\\Users\\MadCat\\Zotero\\storage\\RNPNQCP3\\www.clio.com.html:text/html},
  url     = {https://www.clio.com/},
  urldate = {2024-09-19},
}

@Comment{jabref-meta: databaseType:bibtex;}

@Comment{jabref-meta: fileDirectory:./Doc/;}
